<record><leader>00000cas a2200000Ia 4500</leader><controlfield tag="001">702369474</controlfield><controlfield tag="007">hd afb---bucp</controlfield><controlfield tag="008">110217d18651uuuiludn nea     0    0eng c</controlfield><datafield ind1=" " ind2=" " tag="010"><subfield code="a">sn 92054538 </subfield></datafield><datafield ind1=" " ind2=" " tag="040"><subfield code="a">IUK</subfield><subfield code="b">eng</subfield><subfield code="c">IUK</subfield><subfield code="d">OCLCF</subfield><subfield code="d">OCLCQ</subfield></datafield><datafield ind1=" " ind2=" " tag="043"><subfield code="a">n-us-il</subfield></datafield><datafield ind1="0" ind2="0" tag="245"><subfield code="a">Peoria morning post.</subfield></datafield><datafield ind1=" " ind2=" " tag="260"><subfield code="a">Peoria, Ill. :</subfield><subfield code="b">Thomas K. Barrett,</subfield><subfield code="c">1865-[1---?]</subfield></datafield><datafield ind1=" " ind2=" " tag="300"><subfield code="a">volumes</subfield></datafield><datafield ind1=" " ind2=" " tag="310"><subfield code="a">Daily (except Monday)</subfield></datafield><datafield ind1=" " ind2=" " tag="336"><subfield code="a">text</subfield><subfield code="b">txt</subfield><subfield code="2">rdacontent</subfield></datafield><datafield ind1=" " ind2=" " tag="337"><subfield code="a">microform</subfield><subfield code="b">h</subfield><subfield code="2">rdamedia</subfield></datafield><datafield ind1="1" ind2=" " tag="362"><subfield code="a">Began in 1865.</subfield></datafield><datafield ind1=" " ind2=" " tag="580"><subfield code="a">Issued also in a weekly edition.</subfield></datafield><datafield ind1="1" ind2=" " tag="588"><subfield code="a">Vol. 1, no. 58 (Apr. 14, 1865).</subfield></datafield><datafield ind1="0" ind2=" " tag="588"><subfield code="a">Vol. 1, no. 29 (Mar. 11, 1865).</subfield></datafield><datafield ind1=" " ind2="0" tag="651"><subfield code="a">Peoria (Ill.)</subfield><subfield code="v">Newspapers.</subfield></datafield><datafield ind1=" " ind2="7" tag="651"><subfield code="a">Illinois</subfield><subfield code="z">Peoria.</subfield><subfield code="2">fast</subfield><subfield code="0">(OCoLC)fst01206107</subfield></datafield><datafield ind1=" " ind2="7" tag="655"><subfield code="a">Newspapers.</subfield><subfield code="2">fast</subfield><subfield code="0">(OCoLC)fst01423814</subfield></datafield><datafield ind1=" " ind2=" " tag="752"><subfield code="a">United States</subfield><subfield code="b">Illinois</subfield><subfield code="c">Peoria</subfield><subfield code="d">Peoria.</subfield></datafield><datafield ind1="0" ind2="8" tag="776"><subfield code="i">Print version:</subfield><subfield code="t">Peoria morning post</subfield><subfield code="w">(OCoLC)25911122</subfield></datafield><datafield ind1="0" ind2="0" tag="780"><subfield code="a">Peoria evening mail</subfield><subfield code="w">(DLC)sn 82016098</subfield><subfield code="w">(OCoLC)702369049</subfield></datafield></record>